<?xml version="1.0" encoding="UTF-8"?>
  <record xmlns="http://www.loc.gov/MARC21/slim" type="Authority">
    <leader>00000nz  a2200000nc 4500</leader>
    <controlfield tag="001">120040115</controlfield>
    <controlfield tag="003">DE-101</controlfield>
    <controlfield tag="005">20200507170243.0</controlfield>
    <controlfield tag="008">980318n||azznnaabn           | aaa    |c</controlfield>
    <datafield tag="024" ind1="7" ind2=" ">
      <subfield code="a">120040115</subfield>
      <subfield code="0">http://d-nb.info/gnd/120040115</subfield>
      <subfield code="2">gnd</subfield>
    </datafield>
    <datafield tag="035" ind1=" " ind2=" ">
      <subfield code="a">(DE-101)120040115</subfield>
    </datafield>
    <datafield tag="035" ind1=" " ind2=" ">
      <subfield code="a">(DE-588)120040115</subfield>
    </datafield>
    <datafield tag="035" ind1=" " ind2=" ">
      <subfield code="z">(DE-588a)120040115</subfield>
      <subfield code="9">v:zg</subfield>
    </datafield>
    <datafield tag="035" ind1=" " ind2=" ">
      <subfield code="z">(DE-588c)4538461-7</subfield>
      <subfield code="9">v:zg</subfield>
    </datafield>
    <datafield tag="040" ind1=" " ind2=" ">
      <subfield code="a">DE-12</subfield>
      <subfield code="c">DE-12</subfield>
      <subfield code="9">r:DE-12</subfield>
      <subfield code="b">ger</subfield>
      <subfield code="d">0547</subfield>
    </datafield>
    <datafield tag="042" ind1=" " ind2=" ">
      <subfield code="a">gnd1</subfield>
    </datafield>
    <datafield tag="043" ind1=" " ind2=" ">
      <subfield code="c">XA-DE</subfield>
    </datafield>
    <datafield tag="065" ind1=" " ind2=" ">
      <subfield code="a">16.5p</subfield>
      <subfield code="2">sswd</subfield>
    </datafield>
    <datafield tag="075" ind1=" " ind2=" ">
      <subfield code="b">p</subfield>
      <subfield code="2">gndgen</subfield>
    </datafield>
    <datafield tag="075" ind1=" " ind2=" ">
      <subfield code="b">piz</subfield>
      <subfield code="2">gndspec</subfield>
    </datafield>
    <datafield tag="079" ind1=" " ind2=" ">
      <subfield code="a">g</subfield>
      <subfield code="q">a</subfield>
      <subfield code="q">f</subfield>
      <subfield code="q">s</subfield>
    </datafield>
    <datafield tag="100" ind1="0" ind2=" ">
      <subfield code="a">Clara Augusta</subfield>
      <subfield code="c">Württemberg-Neuenstadt, Herzogin</subfield>
      <subfield code="d">1632-1700</subfield>
    </datafield>
    <datafield tag="400" ind1="0" ind2=" ">
      <subfield code="a">Clara Augusta</subfield>
      <subfield code="c">Württemberg, Herzogin</subfield>
      <subfield code="d">1632-1700</subfield>
    </datafield>
    <datafield tag="400" ind1="0" ind2=" ">
      <subfield code="a">Clara Augusta</subfield>
      <subfield code="c">Braunschweig-Lüneburg, Herzogin</subfield>
      <subfield code="d">1632-1700</subfield>
    </datafield>
    <datafield tag="400" ind1="0" ind2=" ">
      <subfield code="a">Clara Auguste</subfield>
      <subfield code="c">Braunschweig-Lüneburg, Herzogin</subfield>
      <subfield code="d">1632-1700</subfield>
    </datafield>
    <datafield tag="400" ind1="0" ind2=" ">
      <subfield code="a">Clara Auguste</subfield>
      <subfield code="c">Württemberg-Neuenstadt, Herzogin</subfield>
      <subfield code="d">1632-1700</subfield>
    </datafield>
    <datafield tag="400" ind1="0" ind2=" ">
      <subfield code="a">Klara Auguste</subfield>
      <subfield code="c">Braunschweig-Lüneburg, Herzogin</subfield>
      <subfield code="d">1632-1700</subfield>
    </datafield>
    <datafield tag="400" ind1="0" ind2=" ">
      <subfield code="a">Klara Augusta</subfield>
      <subfield code="c">Braunschweig-Lüneburg, Herzogin</subfield>
      <subfield code="d">1632-1700</subfield>
    </datafield>
    <datafield tag="400" ind1="0" ind2=" ">
      <subfield code="a">Clara Augusta</subfield>
      <subfield code="c">Braunschweig-Wolfenbüttel, Herzogin</subfield>
      <subfield code="d">1632-1700</subfield>
      <subfield code="4">nafr</subfield>
      <subfield code="4">https://d-nb.info/standards/elementset/gnd#EarlierNameOfThePerson</subfield>
      <subfield code="w">r</subfield>
      <subfield code="i">Frueherer Name</subfield>
      <subfield code="e">Frueherer Name</subfield>
    </datafield>
    <datafield tag="400" ind1="0" ind2=" ">
      <subfield code="a">Clara Augusta</subfield>
      <subfield code="c">Braunschweig, Herzogin</subfield>
      <subfield code="d">1632-1700</subfield>
    </datafield>
    <datafield tag="400" ind1="0" ind2=" ">
      <subfield code="a">Clara Augusta</subfield>
      <subfield code="c">Wirtemberga, Ducissa</subfield>
      <subfield code="d">1632-1700</subfield>
    </datafield>
    <datafield tag="400" ind1="0" ind2=" ">
      <subfield code="a">Clara Augusta</subfield>
      <subfield code="c">Wolfenbüttel, Herzogin</subfield>
      <subfield code="d">1632-1700</subfield>
    </datafield>
    <datafield tag="400" ind1="0" ind2=" ">
      <subfield code="a">Clara Auguste</subfield>
      <subfield code="c">Württemberg-Teck, Herzogin</subfield>
      <subfield code="d">1632-1700</subfield>
    </datafield>
    <datafield tag="400" ind1="0" ind2=" ">
      <subfield code="a">Clara Augusta</subfield>
      <subfield code="c">Württemberg-Teck, Herzogin</subfield>
      <subfield code="d">1632-1700</subfield>
    </datafield>
    <datafield tag="400" ind1="0" ind2=" ">
      <subfield code="a">Klara Auguste</subfield>
      <subfield code="c">Württemberg-Neuenstadt, Herzogin</subfield>
      <subfield code="d">1632-1700</subfield>
    </datafield>
    <datafield tag="400" ind1="0" ind2=" ">
      <subfield code="a">Klara Augusta</subfield>
      <subfield code="c">Württemberg-Neuenstadt, Herzogin</subfield>
      <subfield code="d">1632-1700</subfield>
    </datafield>
    <datafield tag="400" ind1="0" ind2=" ">
      <subfield code="a">Klara Augusta</subfield>
      <subfield code="c">Württemberg, Herzogin</subfield>
      <subfield code="d">1632-1700</subfield>
    </datafield>
    <datafield tag="400" ind1="0" ind2=" ">
      <subfield code="a">Klara Augusta</subfield>
      <subfield code="c">Wolfenbüttel, Herzogin</subfield>
      <subfield code="d">1632-1700</subfield>
    </datafield>
    <datafield tag="400" ind1="0" ind2=" ">
      <subfield code="a">Klara Augusta</subfield>
      <subfield code="c">Braunschweig, Herzogin</subfield>
      <subfield code="d">1632-1700</subfield>
    </datafield>
    <datafield tag="500" ind1="0" ind2=" ">
      <subfield code="0">(DE-101)118018116</subfield>
      <subfield code="0">(DE-588)118018116</subfield>
      <subfield code="0">https://d-nb.info/gnd/118018116</subfield>
      <subfield code="a">Friedrich</subfield>
      <subfield code="c">Württemberg-Neuenstadt, Herzog</subfield>
      <subfield code="d">1615-1682</subfield>
      <subfield code="4">bezf</subfield>
      <subfield code="4">https://d-nb.info/standards/elementset/gnd#familialRelationship</subfield>
      <subfield code="w">r</subfield>
      <subfield code="i">Beziehung familiaer</subfield>
      <subfield code="e">Beziehung familiaer</subfield>
      <subfield code="9">v:Ehemann</subfield>
    </datafield>
    <datafield tag="500" ind1="0" ind2=" ">
      <subfield code="0">(DE-101)104376546</subfield>
      <subfield code="0">(DE-588)104376546</subfield>
      <subfield code="0">https://d-nb.info/gnd/104376546</subfield>
      <subfield code="a">Dorothea</subfield>
      <subfield code="c">Braunschweig-Lüneburg, Herzogin, 1607-1634</subfield>
      <subfield code="d">1607-1634</subfield>
      <subfield code="4">bezf</subfield>
      <subfield code="4">https://d-nb.info/standards/elementset/gnd#familialRelationship</subfield>
      <subfield code="w">r</subfield>
      <subfield code="i">Beziehung familiaer</subfield>
      <subfield code="e">Beziehung familiaer</subfield>
      <subfield code="9">v:Mutter</subfield>
    </datafield>
    <datafield tag="500" ind1="0" ind2=" ">
      <subfield code="0">(DE-101)118505076</subfield>
      <subfield code="0">(DE-588)118505076</subfield>
      <subfield code="0">https://d-nb.info/gnd/118505076</subfield>
      <subfield code="a">August</subfield>
      <subfield code="c">Braunschweig-Lüneburg, Herzog, 1579-1666</subfield>
      <subfield code="d">1579-1666</subfield>
      <subfield code="4">bezf</subfield>
      <subfield code="4">https://d-nb.info/standards/elementset/gnd#familialRelationship</subfield>
      <subfield code="w">r</subfield>
      <subfield code="i">Beziehung familiaer</subfield>
      <subfield code="e">Beziehung familiaer</subfield>
      <subfield code="9">v:Vater</subfield>
    </datafield>
    <datafield tag="500" ind1="0" ind2=" ">
      <subfield code="0">(DE-101)121002500</subfield>
      <subfield code="0">(DE-588)121002500</subfield>
      <subfield code="0">https://d-nb.info/gnd/121002500</subfield>
      <subfield code="a">Maria Elisabeth</subfield>
      <subfield code="c">Sachsen-Coburg, Herzogin</subfield>
      <subfield code="d">1638-1687</subfield>
      <subfield code="4">bezf</subfield>
      <subfield code="4">https://d-nb.info/standards/elementset/gnd#familialRelationship</subfield>
      <subfield code="w">r</subfield>
      <subfield code="i">Beziehung familiaer</subfield>
      <subfield code="e">Beziehung familiaer</subfield>
      <subfield code="9">v:Schwester</subfield>
    </datafield>
    <datafield tag="500" ind1="0" ind2=" ">
      <subfield code="0">(DE-101)118503472</subfield>
      <subfield code="0">(DE-588)118503472</subfield>
      <subfield code="0">https://d-nb.info/gnd/118503472</subfield>
      <subfield code="a">Anton Ulrich</subfield>
      <subfield code="c">Braunschweig-Lüneburg, Herzog</subfield>
      <subfield code="d">1633-1714</subfield>
      <subfield code="4">bezf</subfield>
      <subfield code="4">https://d-nb.info/standards/elementset/gnd#familialRelationship</subfield>
      <subfield code="w">r</subfield>
      <subfield code="i">Beziehung familiaer</subfield>
      <subfield code="e">Beziehung familiaer</subfield>
      <subfield code="9">v:Bruder</subfield>
    </datafield>
    <datafield tag="500" ind1="0" ind2=" ">
      <subfield code="0">(DE-101)11883732X</subfield>
      <subfield code="0">(DE-588)11883732X</subfield>
      <subfield code="0">https://d-nb.info/gnd/11883732X</subfield>
      <subfield code="a">Ferdinand Albrecht</subfield>
      <subfield code="c">Braunschweig-Lüneburg, Herzog, 1636-1687</subfield>
      <subfield code="d">1636-1687</subfield>
      <subfield code="4">bezf</subfield>
      <subfield code="4">https://d-nb.info/standards/elementset/gnd#familialRelationship</subfield>
      <subfield code="w">r</subfield>
      <subfield code="i">Beziehung familiaer</subfield>
      <subfield code="e">Beziehung familiaer</subfield>
      <subfield code="9">v:Bruder</subfield>
    </datafield>
    <datafield tag="500" ind1="0" ind2=" ">
      <subfield code="0">(DE-101)130380512</subfield>
      <subfield code="0">(DE-588)130380512</subfield>
      <subfield code="0">https://d-nb.info/gnd/130380512</subfield>
      <subfield code="a">Christian Franz</subfield>
      <subfield code="c">Braunschweig-Lüneburg, Herzog</subfield>
      <subfield code="d">1639</subfield>
      <subfield code="4">bezf</subfield>
      <subfield code="4">https://d-nb.info/standards/elementset/gnd#familialRelationship</subfield>
      <subfield code="w">r</subfield>
      <subfield code="i">Beziehung familiaer</subfield>
      <subfield code="e">Beziehung familiaer</subfield>
      <subfield code="9">v:Bruder</subfield>
    </datafield>
    <datafield tag="500" ind1="0" ind2=" ">
      <subfield code="0">(DE-101)102608520</subfield>
      <subfield code="0">(DE-588)102608520</subfield>
      <subfield code="0">https://d-nb.info/gnd/102608520</subfield>
      <subfield code="a">Friedrich August</subfield>
      <subfield code="c">Württemberg-Neuenstadt, Herzog</subfield>
      <subfield code="d">1654-1716</subfield>
      <subfield code="4">bezf</subfield>
      <subfield code="4">https://d-nb.info/standards/elementset/gnd#familialRelationship</subfield>
      <subfield code="w">r</subfield>
      <subfield code="i">Beziehung familiaer</subfield>
      <subfield code="e">Beziehung familiaer</subfield>
      <subfield code="9">v:Sohn</subfield>
    </datafield>
    <datafield tag="500" ind1="0" ind2=" ">
      <subfield code="0">(DE-101)116211377</subfield>
      <subfield code="0">(DE-588)116211377</subfield>
      <subfield code="0">https://d-nb.info/gnd/116211377</subfield>
      <subfield code="a">Anton Ulrich</subfield>
      <subfield code="c">Württemberg-Neuenstadt, Herzog</subfield>
      <subfield code="d">1661-1680</subfield>
      <subfield code="4">bezf</subfield>
      <subfield code="4">https://d-nb.info/standards/elementset/gnd#familialRelationship</subfield>
      <subfield code="w">r</subfield>
      <subfield code="i">Beziehung familiaer</subfield>
      <subfield code="e">Beziehung familiaer</subfield>
      <subfield code="9">v:Sohn</subfield>
    </datafield>
    <datafield tag="500" ind1="0" ind2=" ">
      <subfield code="0">(DE-101)129225061</subfield>
      <subfield code="0">(DE-588)129225061</subfield>
      <subfield code="0">https://d-nb.info/gnd/129225061</subfield>
      <subfield code="a">Albrecht</subfield>
      <subfield code="c">Württemberg-Neuenstadt, Herzog</subfield>
      <subfield code="d">1657-1670</subfield>
      <subfield code="4">bezf</subfield>
      <subfield code="4">https://d-nb.info/standards/elementset/gnd#familialRelationship</subfield>
      <subfield code="w">r</subfield>
      <subfield code="i">Beziehung familiaer</subfield>
      <subfield code="e">Beziehung familiaer</subfield>
      <subfield code="9">v:Sohn</subfield>
    </datafield>
    <datafield tag="500" ind1="0" ind2=" ">
      <subfield code="0">(DE-101)118134205</subfield>
      <subfield code="0">(DE-588)118134205</subfield>
      <subfield code="0">https://d-nb.info/gnd/118134205</subfield>
      <subfield code="a">Carl Rudolph</subfield>
      <subfield code="c">Württemberg-Neuenstadt, Herzog</subfield>
      <subfield code="d">1667-1742</subfield>
      <subfield code="4">bezf</subfield>
      <subfield code="4">https://d-nb.info/standards/elementset/gnd#familialRelationship</subfield>
      <subfield code="w">r</subfield>
      <subfield code="i">Beziehung familiaer</subfield>
      <subfield code="e">Beziehung familiaer</subfield>
      <subfield code="9">v:Sohn</subfield>
    </datafield>
    <datafield tag="500" ind1="0" ind2=" ">
      <subfield code="0">(DE-101)135963877</subfield>
      <subfield code="0">(DE-588)135963877</subfield>
      <subfield code="0">https://d-nb.info/gnd/135963877</subfield>
      <subfield code="a">Ferdinand Wilhelm</subfield>
      <subfield code="c">Württemberg-Neuenstadt, Herzog</subfield>
      <subfield code="d">1659-1701</subfield>
      <subfield code="4">bezf</subfield>
      <subfield code="4">https://d-nb.info/standards/elementset/gnd#familialRelationship</subfield>
      <subfield code="w">r</subfield>
      <subfield code="i">Beziehung familiaer</subfield>
      <subfield code="e">Beziehung familiaer</subfield>
      <subfield code="9">v:Sohn</subfield>
    </datafield>
    <datafield tag="500" ind1="1" ind2=" ">
      <subfield code="0">(DE-101)10432113X</subfield>
      <subfield code="0">(DE-588)10432113X</subfield>
      <subfield code="0">https://d-nb.info/gnd/10432113X</subfield>
      <subfield code="a">Stolberg, Sophia Dorothea &#152;zu&#156;</subfield>
      <subfield code="d">1658-1681</subfield>
      <subfield code="4">bezf</subfield>
      <subfield code="4">https://d-nb.info/standards/elementset/gnd#familialRelationship</subfield>
      <subfield code="w">r</subfield>
      <subfield code="i">Beziehung familiaer</subfield>
      <subfield code="e">Beziehung familiaer</subfield>
      <subfield code="9">v:Tochter</subfield>
    </datafield>
    <datafield tag="548" ind1=" " ind2=" ">
      <subfield code="a">1632-1700</subfield>
      <subfield code="4">datl</subfield>
      <subfield code="4">https://d-nb.info/standards/elementset/gnd#dateOfBirthAndDeath</subfield>
      <subfield code="w">r</subfield>
      <subfield code="i">Lebensdaten</subfield>
    </datafield>
    <datafield tag="667" ind1=" " ind2=" ">
      <subfield code="a">VD-17</subfield>
    </datafield>
    <datafield tag="670" ind1=" " ind2=" ">
      <subfield code="a">Europ. Stammtaf., 80</subfield>
    </datafield>
    <datafield tag="678" ind1=" " ind2=" ">
      <subfield code="b">Tochter von August d.J., Herzog zu Braunschweig-Lüneburg aus dessen 2. Ehe; ab 1653 verheiratet mit Herzog Friedrich von Württemberg-Neuenstadt</subfield>
    </datafield>
    <datafield tag="913" ind1=" " ind2=" ">
      <subfield code="S">pnd</subfield>
      <subfield code="i">5</subfield>
      <subfield code="a">Clara Augusta &lt;Württemberg-Neuenstadt, Herzogin&gt;</subfield>
      <subfield code="0">(DE-588a)120040115</subfield>
    </datafield>
  </record>
